<record><leader>00000cas a22000007a 4500</leader><controlfield tag="001">17994650</controlfield><controlfield tag="008">880524d18861886lauwr ne      0    0eng d</controlfield><datafield ind1=" " ind2=" " tag="010"><subfield code="a">sn 88064453 </subfield></datafield><datafield ind1=" " ind2=" " tag="040"><subfield code="a">LNP</subfield><subfield code="b">eng</subfield><subfield code="c">LNP</subfield><subfield code="d">OCLCQ</subfield><subfield code="d">DLC</subfield></datafield><datafield ind1=" " ind2=" " tag="042"><subfield code="a">msc</subfield></datafield><datafield ind1="0" ind2=" " tag="130"><subfield code="a">Messenger (Saint Martinville, La.)</subfield></datafield><datafield ind1="1" ind2="4" tag="245"><subfield code="a">The Messenger.</subfield></datafield><datafield ind1=" " ind2=" " tag="260"><subfield code="a">St. Martinsville [i.e. Martinville] La. :</subfield><subfield code="b">Eastin &amp; Bienvenu</subfield></datafield><datafield ind1="0" ind2=" " tag="362"><subfield code="a">Vol. 1, no. 1 (Feb. 27, 1886)-v. 1, no. 3 (Mar. 13, 1886).</subfield></datafield><datafield ind1=" " ind2=" " tag="752"><subfield code="a">United States</subfield><subfield code="b">Louisiana</subfield><subfield code="c">Saint Martin</subfield><subfield code="d">Saint Martinville.</subfield></datafield><datafield ind1="0" ind2="0" tag="785"><subfield code="t">Weekly messenger (Saint Martinville, La.)</subfield><subfield code="x">2166-8043</subfield><subfield code="w">(DLC)sn 88064454</subfield><subfield code="w">(OCoLC)17994746</subfield></datafield></record>